<?xml version="1.0" encoding="UTF-8"?><record xmlns="http://www.loc.gov/MARC21/slim" xmlns:cinclude="http://apache.org/cocoon/include/1.0" xmlns:zs="http://www.loc.gov/zing/srw/">
  <leader>00720nz  a2200193n  4500</leader>
  <controlfield tag="001">no2003016584</controlfield>
  <controlfield tag="003">DLC</controlfield>
  <controlfield tag="005">20030222071005.0</controlfield>
  <controlfield tag="008">030221n| acannaabn          |a aaa      </controlfield>
  <datafield tag="010" ind1=" " ind2=" ">
    <subfield code="a">no2003016584</subfield>
  </datafield>
  <datafield tag="035" ind1=" " ind2=" ">
    <subfield code="a">(OCoLC)oca05978274</subfield>
  </datafield>
  <datafield tag="040" ind1=" " ind2=" ">
    <subfield code="a">DLC-ON</subfield>
    <subfield code="b">eng</subfield>
    <subfield code="c">DLC-ON</subfield>
  </datafield>
  <datafield tag="100" ind1="1" ind2=" ">
    <subfield code="a">Bhaṭ, Eṃ. Vi.,</subfield>
    <subfield code="d">1928-</subfield>
  </datafield>
  <datafield tag="400" ind1="1" ind2=" ">
    <subfield code="a">Veṅkaṭaramaṇa Bhaṭ, Mitturu,</subfield>
    <subfield code="d">1928-</subfield>
  </datafield>
  <datafield tag="400" ind1="1" ind2=" ">
    <subfield code="a">Bhaṭ, Mitturu Veṅkaṭaramaṇa,</subfield>
    <subfield code="d">1928-</subfield>
  </datafield>
  <datafield tag="400" ind1="0" ind2=" ">
    <subfield code="a">Mitturu Veṅkaṭaramaṇa Bhaṭ,</subfield>
    <subfield code="d">1928-</subfield>
  </datafield>
  <datafield tag="400" ind1="1" ind2=" ">
    <subfield code="a">Bhat, M. V.,</subfield>
    <subfield code="d">1928-</subfield>
  </datafield>
  <datafield tag="400" ind1="0" ind2=" ">
    <subfield code="a">Śrīmitturu, 1928-</subfield>
  </datafield>
  <datafield tag="670" ind1=" " ind2=" ">
    <subfield code="a">Nenapina bimbagaḷu, 2001:</subfield>
    <subfield code="b">t.p.  (Eṃ. Vi. Bhaṭ; Śrīmitturu) cover (Mitturu Veṅkaṭaramaṇa Bhaṭ) t.p. verso (M.V. Bhat) p. 12 (b. 06 Feb. 1928)</subfield>
  </datafield>
</record>